%YAML 1.1
%TAG !u! tag:unity3d.com,2011:
--- !u!1 &3729784720597947534
GameObject:
  m_ObjectHideFlags: 0
  m_CorrespondingSourceObject: {fileID: 0}
  m_PrefabInstance: {fileID: 0}
  m_PrefabAsset: {fileID: 0}
  serializedVersion: 6
  m_Component:
  - component: {fileID: 3735688347158479400}
  m_Layer: 0
  m_Name: CrossbowScripted
  m_TagString: Untagged
  m_Icon: {fileID: 0}
  m_NavMeshLayer: 0
  m_StaticEditorFlags: 0
  m_IsActive: 1
--- !u!4 &3735688347158479400
Transform:
  m_ObjectHideFlags: 0
  m_CorrespondingSourceObject: {fileID: 0}
  m_PrefabInstance: {fileID: 0}
  m_PrefabAsset: {fileID: 0}
  m_GameObject: {fileID: 3729784720597947534}
  m_LocalRotation: {x: 0, y: 0, z: 0, w: 1}
  m_LocalPosition: {x: 0, y: 0, z: 0}
  m_LocalScale: {x: 1, y: 1, z: 1}
  m_Children:
  - {fileID: 3735655391346079526}
  - {fileID: 6449510973173415202}
  m_Father: {fileID: 0}
  m_RootOrder: 0
  m_LocalEulerAnglesHint: {x: 0, y: 0, z: 0}
--- !u!1 &3729804396957304230
GameObject:
  m_ObjectHideFlags: 0
  m_CorrespondingSourceObject: {fileID: 0}
  m_PrefabInstance: {fileID: 0}
  m_PrefabAsset: {fileID: 0}
  serializedVersion: 6
  m_Component:
  - component: {fileID: 3735655391346079526}
  - component: {fileID: 3725093680762583014}
  - component: {fileID: 3716439827571057776}
  m_Layer: 0
  m_Name: Crossbow
  m_TagString: Untagged
  m_Icon: {fileID: 0}
  m_NavMeshLayer: 0
  m_StaticEditorFlags: 0
  m_IsActive: 1
--- !u!4 &3735655391346079526
Transform:
  m_ObjectHideFlags: 0
  m_CorrespondingSourceObject: {fileID: 0}
  m_PrefabInstance: {fileID: 0}
  m_PrefabAsset: {fileID: 0}
  m_GameObject: {fileID: 3729804396957304230}
  m_LocalRotation: {x: 0, y: 0.7071068, z: -0, w: -0.7071068}
  m_LocalPosition: {x: 0, y: 0.125, z: -0.258}
  m_LocalScale: {x: 1, y: 1, z: 1}
  m_Children: []
  m_Father: {fileID: 3735688347158479400}
  m_RootOrder: 0
  m_LocalEulerAnglesHint: {x: 0, y: 270, z: 0}
--- !u!33 &3725093680762583014
MeshFilter:
  m_ObjectHideFlags: 0
  m_CorrespondingSourceObject: {fileID: 0}
  m_PrefabInstance: {fileID: 0}
  m_PrefabAsset: {fileID: 0}
  m_GameObject: {fileID: 3729804396957304230}
  m_Mesh: {fileID: 4300000, guid: eaffb87fd63eadd469111e80479fbb50, type: 3}
--- !u!23 &3716439827571057776
MeshRenderer:
  m_ObjectHideFlags: 0
  m_CorrespondingSourceObject: {fileID: 0}
  m_PrefabInstance: {fileID: 0}
  m_PrefabAsset: {fileID: 0}
  m_GameObject: {fileID: 3729804396957304230}
  m_Enabled: 1
  m_CastShadows: 1
  m_ReceiveShadows: 1
  m_DynamicOccludee: 1
  m_MotionVectors: 1
  m_LightProbeUsage: 1
  m_ReflectionProbeUsage: 1
  m_RayTracingMode: 2
  m_RenderingLayerMask: 4294967295
  m_RendererPriority: 0
  m_Materials:
  - {fileID: 2100000, guid: 2235ee366b5fbb54b814441d18b1fbd9, type: 2}
  m_StaticBatchInfo:
    firstSubMesh: 0
    subMeshCount: 0
  m_StaticBatchRoot: {fileID: 0}
  m_ProbeAnchor: {fileID: 0}
  m_LightProbeVolumeOverride: {fileID: 0}
  m_ScaleInLightmap: 1
  m_ReceiveGI: 1
  m_PreserveUVs: 0
  m_IgnoreNormalsForChartDetection: 0
  m_ImportantGI: 0
  m_StitchLightmapSeams: 0
  m_SelectedEditorRenderState: 3
  m_MinimumChartSize: 4
  m_AutoUVMaxDistance: 0.5
  m_AutoUVMaxAngle: 89
  m_LightmapParameters: {fileID: 0}
  m_SortingLayerID: 0
  m_SortingLayer: 0
  m_SortingOrder: 0
--- !u!1001 &6453700409139545232
PrefabInstance:
  m_ObjectHideFlags: 0
  serializedVersion: 2
  m_Modification:
    m_TransformParent: {fileID: 3735688347158479400}
    m_Modifications:
    - target: {fileID: 1425818297931132, guid: 14bef15beb1709f4fb03bc1eae0d430c, type: 3}
      propertyPath: m_Name
      value: Arrow_Blue
      objectReference: {fileID: 0}
    - target: {fileID: 4893217979005362, guid: 14bef15beb1709f4fb03bc1eae0d430c, type: 3}
      propertyPath: m_LocalPosition.x
      value: 0
      objectReference: {fileID: 0}
    - target: {fileID: 4893217979005362, guid: 14bef15beb1709f4fb03bc1eae0d430c, type: 3}
      propertyPath: m_LocalPosition.y
      value: 0.3177
      objectReference: {fileID: 0}
    - target: {fileID: 4893217979005362, guid: 14bef15beb1709f4fb03bc1eae0d430c, type: 3}
      propertyPath: m_LocalPosition.z
      value: 0.9124
      objectReference: {fileID: 0}
    - target: {fileID: 4893217979005362, guid: 14bef15beb1709f4fb03bc1eae0d430c, type: 3}
      propertyPath: m_LocalRotation.x
      value: -0
      objectReference: {fileID: 0}
    - target: {fileID: 4893217979005362, guid: 14bef15beb1709f4fb03bc1eae0d430c, type: 3}
      propertyPath: m_LocalRotation.y
      value: -0
      objectReference: {fileID: 0}
    - target: {fileID: 4893217979005362, guid: 14bef15beb1709f4fb03bc1eae0d430c, type: 3}
      propertyPath: m_LocalRotation.z
      value: -0
      objectReference: {fileID: 0}
    - target: {fileID: 4893217979005362, guid: 14bef15beb1709f4fb03bc1eae0d430c, type: 3}
      propertyPath: m_LocalRotation.w
      value: 1
      objectReference: {fileID: 0}
    - target: {fileID: 4893217979005362, guid: 14bef15beb1709f4fb03bc1eae0d430c, type: 3}
      propertyPath: m_RootOrder
      value: 1
      objectReference: {fileID: 0}
    - target: {fileID: 4893217979005362, guid: 14bef15beb1709f4fb03bc1eae0d430c, type: 3}
      propertyPath: m_LocalEulerAnglesHint.x
      value: 0
      objectReference: {fileID: 0}
    - target: {fileID: 4893217979005362, guid: 14bef15beb1709f4fb03bc1eae0d430c, type: 3}
      propertyPath: m_LocalEulerAnglesHint.y
      value: 0
      objectReference: {fileID: 0}
    - target: {fileID: 4893217979005362, guid: 14bef15beb1709f4fb03bc1eae0d430c, type: 3}
      propertyPath: m_LocalEulerAnglesHint.z
      value: 0
      objectReference: {fileID: 0}
    m_RemovedComponents: []
  m_SourcePrefab: {fileID: 100100000, guid: 14bef15beb1709f4fb03bc1eae0d430c, type: 3}
--- !u!4 &6449510973173415202 stripped
Transform:
  m_CorrespondingSourceObject: {fileID: 4893217979005362, guid: 14bef15beb1709f4fb03bc1eae0d430c,
    type: 3}
  m_PrefabInstance: {fileID: 6453700409139545232}
  m_PrefabAsset: {fileID: 0}
